@article{Shin, 
author = {Shin, Seungwon, and Gu},
year = {2013},
title = {Attacking Software-Defined Networks: A First Feasibility Study},
pages = {165-166},
journal = {ACM SIGCOMM},
}


@article{Fonseca, 
author = {Fonseca, Paulo and Bennesby, Ricardo and Mota, Edjard and Passito, Alexandre},
year = {2012},
title = {A replication component for resilient OpenFlow-based networking},
pages = {933-939},
journal = {Proceedings of the 2012 IEEE Network Operations and Management Symposium, NOMS 2012},
}


@article{Yao, 
author = {Guang Yao and Jun Bi and Luyi Gao},
year = {2013},
title = {On the cascading failures of multi-controllers in Software Defined Networks},
pages = {1-2},
journal = {2013 21st IEEE International Conference on Network Protocols (ICNP)},
}


@article{Lin, 
author = {Hsiao-Chung Lin and Ping Wang},
year = {2016},
title = {Implementation of an SDN-based Security Defense Mechanism Against DDoS Attacks},
journal = {DEStech Transactions on Economics, Business and Management},
}


@article{Saied, 
author = {Alan Saied and Richard E. Overill and Tomasz Radzik},
volume = {172},
pages = {385-393},
year = {2016},
title = {Detection of known and unknown DDoS attacks using Artificial Neural Networks},
journal = {Neurocomputing},
}


@article{Ye, 
author = {Jin Ye and Xiangyang Cheng and Jian Zhu and Luting Feng and Ling Song},
pages = {9804061:1-9804061:8},
year = {2018},
title = {A DDoS Attack Detection Method Based on SVM in Software Defined Network},
journal = {Secur. Commun. Networks},
}


@article{Cui, 
author = {Jie Cui and Mingjun Wang and Yonglong Luo and Hong Zhong},
pages = {275-283},
volume = {97},
year = {2019},
title = {DDoS detection and defense mechanism based on cognitive-inspired computing in SDN},
journal = {Future Generation Computer Systems},
}



@article{Rood,
  title={Fuzzy Shannon Entropy: A Hybrid GIS-Based Landslide Susceptibility Mapping Method},
  author={Majid Shadman Roodposhti and Jagannath Aryal and Himan Shahabi and Taher Safarrad},
  journal={Entropy},
  year={2016},
  volume={18},
  pages={343}
}

@article{Eibe,
  title={Technical Note: Naive Bayes for Regression},
  author={Frank, Eibe and Trigg, Leonard and Holmes, Geoffrey and Witten, Ian H. },
  journal={Machine Learning},
  year={2000}
}


@article{Daniel,
    title={k-Nearest Neighbor Algorithm},
    author={Daniel T. Larose and Chantal D. Larose},
    booktitle = {Discovering Knowledge in Data},
    chapter = {7},
    pages = {149-164},
    year = {2014},
}
